<record><leader>00000cas a2200000 a 4500</leader><controlfield tag="001">1491638</controlfield><controlfield tag="008">750730c19249999flucr ne      0    0eng c</controlfield><datafield ind1=" " ind2=" " tag="010"><subfield code="a">sn 93063959 </subfield></datafield><datafield ind1=" " ind2=" " tag="040"><subfield code="a">FUL</subfield><subfield code="b">eng</subfield><subfield code="c">FUL</subfield><subfield code="d">NYS</subfield><subfield code="d">FUG</subfield><subfield code="d">OCLCQ</subfield><subfield code="d">OCLCF</subfield><subfield code="d">OCLCO</subfield></datafield><datafield ind1=" " ind2=" " tag="012"><subfield code="i">9602</subfield></datafield><datafield ind1="1" ind2=" " tag="029"><subfield code="a">AU@</subfield><subfield code="b">000025880772</subfield></datafield><datafield ind1=" " ind2=" " tag="037"><subfield code="b">Republic Newspapers, 38333 5th Ave., Zephyrhills, FL 33540</subfield></datafield><datafield ind1=" " ind2=" " tag="042"><subfield code="a">pcc</subfield></datafield><datafield ind1=" " ind2=" " tag="043"><subfield code="a">n-us-fl</subfield></datafield><datafield ind1="0" ind2="4" tag="245"><subfield code="a">The Zephyrhills news.</subfield></datafield><datafield ind1=" " ind2=" " tag="260"><subfield code="a">Zephyrhills, Fla. :</subfield><subfield code="b">Zephyrhills Pub. Co.</subfield></datafield><datafield ind1=" " ind2=" " tag="300"><subfield code="a">v. :</subfield><subfield code="b">ill.</subfield></datafield><datafield ind1=" " ind2=" " tag="310"><subfield code="a">Semiweekly,</subfield><subfield code="b">&lt;1995&gt;</subfield></datafield><datafield ind1=" " ind2=" " tag="321"><subfield code="a">Weekly,</subfield><subfield code="b">&lt;1933-1946&gt;</subfield></datafield><datafield ind1="1" ind2=" " tag="362"><subfield code="a">Began in 1924?</subfield><subfield code="z">Cf. Gregory, W. Amer. newspapers, 1937.</subfield></datafield><datafield ind1=" " ind2=" " tag="500"><subfield code="a">Editor: L.L. Holford, &lt;1933&gt;.</subfield></datafield><datafield ind1=" " ind2=" " tag="500"><subfield code="a">"In the center of Florida's Hill-Lake Region."</subfield></datafield><datafield ind1=" " ind2=" " tag="588"><subfield code="a">Description based on: Vol. 22, no. 12 (Jan. 6, 1933).</subfield></datafield><datafield ind1=" " ind2=" " tag="588"><subfield code="a">Latest issue consulted: Vol. 35, no. 51 (Oct. 4, 1946).</subfield></datafield><datafield ind1=" " ind2="0" tag="651"><subfield code="a">Zephyrhills (Fla.)</subfield><subfield code="v">Newspapers.</subfield></datafield><datafield ind1=" " ind2="0" tag="651"><subfield code="a">Pasco County (Fla.)</subfield><subfield code="v">Newspapers.</subfield></datafield><datafield ind1=" " ind2="7" tag="655"><subfield code="a">Newspapers.</subfield><subfield code="2">fast</subfield><subfield code="0">(OCoLC)fst01423814</subfield></datafield><datafield ind1=" " ind2="7" tag="651"><subfield code="a">Florida</subfield><subfield code="z">Pasco County.</subfield><subfield code="2">fast</subfield><subfield code="0">(OCoLC)fst01211151</subfield></datafield><datafield ind1=" " ind2="7" tag="651"><subfield code="a">Florida</subfield><subfield code="z">Zephyrhills.</subfield><subfield code="2">fast</subfield><subfield code="0">(OCoLC)fst01213164</subfield></datafield><datafield ind1=" " ind2=" " tag="752"><subfield code="a">United States</subfield><subfield code="b">Florida</subfield><subfield code="c">Pasco</subfield><subfield code="d">Zephyrhills.</subfield></datafield><datafield ind1="0" ind2="0" tag="780"><subfield code="t">Zephyrhills colonist</subfield><subfield code="w">(DLC)sn 85038376</subfield><subfield code="w">(OCoLC)12369058</subfield></datafield><datafield ind1=" " ind2=" " tag="850"><subfield code="a">FU</subfield></datafield></record>